@article{Adams:2007:ASP,
    author = {Adams, Bart and Pauly, Mark and Keiser, Richard and Guibas, Leonidas J.},
    title = {Adaptively Sampled Particle Fluids},
    journal = {ACM Trans. Graph.},
    issue_date = {July 2007},
    volume = {26},
    number = {3},
    month = jul,
    year = {2007},
    articleno = {48}
}

@article{Ando:2013:HAL,
    author = {Ando, Ryoichi and Th\"{u}rey, Nils and Wojtan, Chris},
    title = {Highly Adaptive Liquid Simulations on Tetrahedral Meshes},
    journal = {ACM Trans. Graph.},
    issue_date = {July 2013},
    volume = {32},
    number = {4},
    month = jul,
    year = {2013},
    issn = {0730-0301},
    pages = {103:1--103:10},
    articleno = {103},
    numpages = {10}
}

@mastersthesis{Barran:2006:VDF,
    title = {View dependent fluid dynamics},
    author = {Barran, Brian Arthur},
    year = {2006},
    school = {Texas A\&M University}
}

@inproceedings{Beaudoin:2004:SLD,
    author = {Beaudoin, J. and Keyser, J.},
    title = {Simulation Levels of Detail for Plant Motion},
    booktitle = {Proceedings of the 2004 ACM SIGGRAPH/Eurographics Symposium on Computer Animation},
    series = {SCA '04},
    year = {2004},
    isbn = {3-905673-14-2},
    location = {Grenoble, France},
    pages = {297--304},
    numpages = {8}
}

@article{Brochu:2012:EGE,
 author = {Brochu, Tyson and Edwards, Essex and Bridson, Robert},
 title = {Efficient geometrically exact continuous collision detection},
 journal = {ACM Trans. Graph.},
 issue_date = {July 2012},
 volume = {31},
 number = {4},
 month = jul,
 year = {2012},
 issn = {0730-0301},
 pages = {96:1--96:7},
 articleno = {96},
 numpages = {7},
 url = {http://doi.acm.org/http://doi.acm.org/10.1145/2185520.2185592},
 doi = {http://doi.acm.org/10.1145/2185520.2185592},
 acmid = {2335447},
 publisher = {ACM},
 keywords = {cloth simulation, collision detection, computational geometry, physically based animation},
} 

@inproceedings{Brogan:2002:SLD,
    author = {Brogan, David C. and Hodgins, Jessica K.},
    title = {Simulation Level of Detail for Multiagent Control},
    booktitle = {Proceedings of the First International Joint Conference on Autonomous Agents and Multiagent Systems: Part 1},
    series = {AAMAS '02},
    year = {2002},
    isbn = {1-58113-480-0},
    location = {Bologna, Italy},
    pages = {199--206},
    numpages = {8}
}

@inproceedings{Bunlutangtum:2011:AGR,
    author = {Bunlutangtum, Rinchai and Kanongchaiyos, Pizzanu},
    title = {Adaptive Grid Refinement Using View-dependent Octree for Grid-based Smoke Simulation},
    booktitle = {Proceedings of the 4th International Conference on Motion in Games},
    series = {MIG'11},
    year = {2011},
    isbn = {978-3-642-25089-7},
    location = {Edinburgh, UK},
    pages = {204--215},
    numpages = {12}
}

// This one seems newer.
@inproceedings{Bunlutangtum:2011:EVA,
    author = {Bunlutangtum, Rinchai and Kanongchaiyos, Pizzanu},
    title = {Enhanced View-dependent Adaptive Grid Refinement for Animating Fluids},
    booktitle = {Proceedings of the 10th International Conference on Virtual Reality Continuum and Its Applications in Industry},
    series = {VRCAI '11},
    year = {2011},
    isbn = {978-1-4503-1060-4},
    location = {Hong Kong, China},
    pages = {415--418},
    numpages = {4}
}

@inproceedings{Carlson:1997:SLD,
    author = {Carlson, Deborah A. and Hodgins, Jessica K.},
    title = {Simulation Levels of Detail for Real-time Animation},
    booktitle = {Proceedings of the Conference on Graphics Interface '97},
    year = {1997},
    isbn = {0-9695338-6-1},
    location = {Kelowna, British Columbia, Canada},
    pages = {1--8},
    numpages = {8}
}


@inproceedings{Klingner:2006:FAD,
    title = {Fluid Animation with Dynamic Meshes},
    booktitle = {Proceedings of ACM SIGGRAPH 2006},
    author = {Bryan M. Klingner and Bryan E. Feldman and Nuttapong Chentanez and James F. O'Brien},
    month = aug,
    year = 2006,
    pages = {820--825}
}

@inproceedings{Chentanez:2007:LSL,
    title = {Liquid Simulation on Lattice-Based Tetrahedral Meshes},
    booktitle = {ACM SIGGRAPH/Eurographics Symposium on Computer Animation 2007},
    author = {Nuttapong Chentanez and Bryan E. Feldman and Fran\c{c}ois Labelle and James F. O'Brien and Jonathan R. Shewchuk},
    month = aug,
    year = 2007,
    pages = {219--228}
}

@inproceedings{Chenney:1997:VCD,
    author = {Chenney, Stephen and Forsyth, David},
    title = {View-dependent Culling of Dynamic Systems in Virtual Environments},
    booktitle = {Proceedings of the 1997 Symposium on Interactive 3D Graphics},
    series = {I3D '97},
    year = {1997},
    isbn = {0-89791-884-3},
    location = {Providence, Rhode Island, USA},
    pages = {55--58},
    numpages = {4}
}

@inproceedings{Chentanez:2011:REW,
    author = {Chentanez, Nuttapong and M\"{u}ller, Matthias},
    title = {Real-time {E}ulerian Water Simulation Using a Restricted Tall Cell Grid},
    booktitle = {ACM SIGGRAPH 2011 Papers},
    series = {SIGGRAPH 2011},
    year = {2011},
    isbn = {978-1-4503-0943-1},
    location = {Vancouver, British Columbia, Canada},
    pages = {82:1--82:10},
    articleno = {82},
    numpages = {10}
}

@inproceedings{Duchaineau:1997:RTR,
    author = {Duchaineau, Mark and Wolinsky, Murray and Sigeti, David E. and Miller, Mark C. and Aldrich, Charles and Mineev-Weinstein, Mark B.},
    title = {ROAMing Terrain: Real-time Optimally Adapting Meshes},
    booktitle = {Proceedings of the 8th Conference on Visualization '97},
    series = {VIS '97},
    year = {1997},
    isbn = {1-58113-011-2},
    location = {Phoenix, Arizona, USA},
    pages = {81--88},
    numpages = {8}
}

@inproceedings{Funkhouser:1993:ADA,
    author = {Funkhouser, Thomas A. and S{\'e}quin, Carlo H.},
    title = {Adaptive Display Algorithm for Interactive Frame Rates During Visualization of Complex Virtual Environments},
    booktitle = {Proceedings of the 20th Annual Conference on Computer Graphics and Interactive Techniques},
    series = {SIGGRAPH '93},
    year = {1993},
    isbn = {0-89791-601-8},
    location = {Anaheim, CA},
    pages = {247--254},
    numpages = {8}
}

@inproceedings{Grinspun:2002:CSF,
    author = {Grinspun, Eitan and Krysl, Petr and Schr\"{o}der, Peter},
    title = {CHARMS: A Simple Framework for Adaptive Simulation},
    booktitle = {Proceedings of the 29th Annual Conference on Computer Graphics and Interactive Techniques},
    series = {SIGGRAPH 2002},
    year = {2002},
    isbn = {1-58113-521-1},
    location = {San Antonio, Texas},
    pages = {281--290},
    numpages = {10}
}

@inproceedings{Hinsinger:2002:IAO,
    author = {Hinsinger, Damien and Neyret, Fabrice and Cani, Marie-Paule},
    title = {Interactive Animation of Ocean Waves},
    booktitle = {Proceedings of the 2002 ACM SIGGRAPH/Eurographics Symposium on Computer Animation},
    series = {SCA '02},
    year = {2002},
    isbn = {1-58113-573-4},
    location = {San Antonio, Texas},
    pages = {161--166},
    numpages = {6}
}

@inproceedings{Hoppe:1997:VRP,
    author = {Hoppe, Hugues},
    title = {View-dependent Refinement of Progressive Meshes},
    booktitle = {Proceedings of the 24th Annual Conference on Computer Graphics and Interactive Techniques},
    series = {SIGGRAPH '97},
    year = {1997},
    isbn = {0-89791-896-7},
    pages = {189--198},
    numpages = {10}
}

@inproceedings{Hoppe:1998:SVL,
    author = {Hoppe, Hugues},
    title = {Smooth View-dependent Level-of-detail Control and Its Application to Terrain
        Rendering},
    booktitle = {Proceedings of the Conference on Visualization '98},
    series = {VIS '98},
    year = {1998},
    isbn = {1-58113-106-2},
    location = {Research Triangle Park, North Carolina, USA},
    pages = {35--42},
    numpages = {8}
}

@INPROCEEDINGS{Hutchinson:1996:ARM,
    author = {Dave Hutchinson and Martin Preston and Terry Hewitt},
    title = {Adaptive Refinement for Mass/Spring Simulations},
    booktitle = {7th Eurographics Workshop on Animation and Simulation},
    year = {1996},
    pages = {31--45},
    publisher = {Springer-Verlag}
}

@article{Kim:2006:VAA,
    author = {Kim, Janghee and Ihm, Insung and Cha, Deukhyun},
    title = {View-Dependent Adaptive Animation of Liquids},
    journal = {ETRI Journal},
    year = {2006},
    volume = {28},
    number = {6},
    pages = {697--708},
    month = dec
}

@inproceedings{Li:2005:CAA,
annote = {Implementation-level details on remeshing, but unclear on how they determine the "mean curvature" to decide when to/not to remesh.},
author = {Li, Ling and Volkov, Vasily},
booktitle = {Proc. 28th Australasian Computer Science Conference},
file = {:Users/artoonie/Documents/Papers/CRPITV38Li.pdf:pdf},
keywords = {adaptive mesh,cloth animation,cloth simulation directly,depends on the mesh,refinement and,resolution,simplification,the computational cost of,which determines the},
title = {Cloth Animation with Adaptively Refined Meshes},
volume = {38},
year = {2005}
}

@article{Losasso:2004:SWS,
    author = {Losasso, Frank and Gibou, Fr{\'e}d{\'e}ric and Fedkiw, Ron},
    title = {Simulating Water and Smoke with an Octree Data Structure},
    journal = {ACM Trans. Graph.},
    issue_date = {August 2004},
    volume = {23},
    number = {3},
    month = aug,
    year = {2004},
    issn = {0730-0301},
    pages = {457--462},
    numpages = {6}
}

@inproceedings{Luebke:1997:VSA,
    author = {Luebke, David and Erikson, Carl},
    title = {View-dependent Simplification of Arbitrary Polygonal Environments},
    booktitle = {Proceedings of the 24th Annual Conference on Computer Graphics and Interactive Techniques},
    series = {SIGGRAPH '97},
    year = {1997},
    isbn = {0-89791-896-7},
    pages = {199--208},
    numpages = {10}
}

@misc{Mitsuba,
    Author = {Wenzel Jakob},
    Year = {2010},
    Note = {http://www.mitsuba-renderer.org},
    Title = {Mitsuba renderer}
}

@article{Narain:2012:AAR,
    note = {Proceedings of ACM SIGGRAPH Asia 2012, Singapore},
    title = {Adaptive Anisotropic Remeshing for Cloth Simulation},
    journal = {ACM Transactions on Graphics},
    author = {Rahul Narain and Armin Samii and James F. O'Brien},
    number = 6,
    month = nov,
    volume = 31,
    year = 2012,
    pages = {147:1--10}
}

@article{Narain:2013:FCA,
    author = {Narain, Rahul and Pfaff, Tobias and O'Brien, James F.},
    title = {Folding and Crumpling Adaptive Sheets},
    journal = {ACM Trans. Graph.},
    issue_date = {July 2013},
    volume = {32},
    number = {4},
    month = jul,
    year = {2013},
    issn = {0730-0301},
    pages = {51:1--51:8},
    articleno = {51},
    numpages = {8}
}

@INPROCEEDINGS{OBrien:2001:ASP,
    author={O'Brien, D. and Fisher, S. and Lin, M.C.},
    booktitle={The Fourteenth Conference on Computer Animation. Proceedings},
    title={Automatic simplification of particle system dynamics},
    year={2001},
    pages={210-257},
    ISSN={1087-4844}
}

@article{Pfaff:2014:ATC,
    author={Tobias Pfaff and Rahul Narain and Juan Miguel de Joya and James F. O'Brien},
    title={Adaptive Tearing and Cracking of Thin Sheets},
    journal={ACM Trans. Graph.},
    year={2014},
    note={To appear}
}

@article{ Redon:2005:ADA,
    author = "Stephane Redon and Nico Galoppo and Ming C. Lin",
    title = "Adaptive Dynamics of Articulated Bodies",
    year = "2005",
    journal = "ACM Transactions on Graphics (SIGGRAPH 2005)",
    volume = "24",
    number = "3",
}

@article{Solenthaler:2011:TPS,
    author = {Solenthaler, Barbara and Gross, Markus},
    title = {Two-scale Particle Simulation},
    journal = {ACM Trans. Graph.},
    issue_date = {July 2011},
    volume = {30},
    number = {4},
    month = jul,
    year = {2011},
    issn = {0730-0301},
    pages = {81:1--81:8},
    articleno = {81},
    numpages = {8}
}

@article{Thingvold:1990:PMB,
 author = {Thingvold, Jeffrey A. and Cohen, Elaine},
 title = {Physical Modeling with B-spline Surfaces for Interactive Design and Animation},
 journal = {SIGGRAPH Comput. Graph.},
 issue_date = {Mar. 1990},
 volume = {24},
 number = {2},
 month = feb,
 year = {1990},
 issn = {0097-8930},
 pages = {129--137},
 numpages = {9},
 url = {http://doi.acm.org/10.1145/91394.91430},
 doi = {10.1145/91394.91430},
 acmid = {91430},
 publisher = {ACM},
 address = {New York, NY, USA},
} 

@article{Villard:2005:AMC,
year={2005},
issn={0177-0667},
journal={Engineering with Computers},
volume={20},
number={4},
doi={10.1007/s00366-005-0302-1},
title={Adaptive meshing for cloth animation},
url={http://dx.doi.org/10.1007/s00366-005-0302-1},
publisher={Springer-Verlag},
keywords={Adaptive meshing; Cloth animation; Multi-grid methods; 3D design},
author={Villard, J. and Borouchaki, H.},
pages={333-341},
language={English}
}

@article{Volino:2006:RSC,
    author = {Volino, Pascal and Magnenat-Thalmann, Nadia},
    title = {Resolving Surface Collisions Through Intersection Contour Minimization},
    journal = {ACM Trans. Graph.},
    issue_date = {July 2006},
    volume = {25},
    number = {3},
    month = jul,
    year = {2006},
    issn = {0730-0301},
    pages = {1154--1159},
    numpages = {6}
}

@inproceedings{Ward:2003:MHU,
    author = {Ward, Kelly and Lin, Ming C. and Lee, Joohi and Fisher, Susan and Macri, Dean},
    title = {Modeling Hair Using Level-of-Detail Representations},
    booktitle = {Proceedings of the 16th International Conference on Computer Animation and Social Agents (CASA 2003)},
    series = {CASA '03},
    year = {2003},
    isbn = {0-7695-1934-2},
    pages = {41--47}
}

// Basically, those two papers are very similar.
@article{Xia:1997:ARL,
    author = {Xia, Julie C. and El-Sana, Jihad and Varshney, Amitabh},
    title = {Adaptive Real-Time Level-of-Detail-Based Rendering for Polygonal Models},
    journal = {IEEE Transactions on Visualization and Computer Graphics},
    issue_date = {April 1997},
    volume = {3},
    number = {2},
    month = apr,
    year = {1997},
    issn = {1077-2626},
    pages = {171--183},
    numpages = {13}
}
@conference{Xia:1996:DVS,
    title = {Dynamic view-dependent simplification for polygonal models},
    booktitle = {Visualization {\textquoteright}96. Proceedings.},
    year = {1996},
    month = {1996///},
    pages = {327 - 334},
    author = {Xia,J. C and Varshney, Amitabh}
}
